@article{suuchi,
  title     = {理工学のための数値計算法},
  author    = {水島二郎, 柳瀬眞一郎, 石原卓},
  publisher = {数理工学社},
  year      = 2002
}
@misc{gibbs,
  title = {ギブスの現象をやさしく丁寧に解説},
  url   = {http://www.allisone.co.jp/html/Notes/Mathematics/Fourier/Gibbs/Gibbs_phenomenon.html}
}
